@book{nolan2021stable,
  title={{Univariate Stable Distributions: Models for Heavy Tailed Data}},
  author={Nolan, John P},
  year={2021},
publisher={{Springer}}
}